<?xml version="1.0" encoding="UTF-8"?><collection><record><leader>06628ntm a2200565 a 4500</leader><controlfield tag="001">006492390</controlfield><controlfield tag="003">MiAaHDL</controlfield><controlfield tag="005">20190719000000.0</controlfield><controlfield tag="006">m        d        </controlfield><controlfield tag="007">cr bn ---auaua</controlfield><controlfield tag="008">090428q178u182uxx            00| ||ara d</controlfield><datafield tag="035" ind1=" " ind2=" "><subfield code="a">(MiU)006492390</subfield></datafield><datafield tag="035" ind1=" " ind2=" "><subfield code="a">sdr-miu006492390</subfield></datafield><datafield tag="040" ind1=" " ind2=" "><subfield code="a">MiU</subfield><subfield code="c">MiU</subfield><subfield code="e">amremm</subfield></datafield><datafield tag="043" ind1=" " ind2=" "><subfield code="a">n-us-mi</subfield></datafield><datafield tag="100" ind1="1" ind2=" "><subfield code="6">880-01</subfield><subfield code="a">Kaffawī, Muḥammad ibn ʻAbd al-Ḥumayd,</subfield><subfield code="d">d. 1754.</subfield></datafield><datafield tag="245" ind1="1" ind2="0"><subfield code="6">880-03</subfield><subfield code="a">[Ḥāshiyat al-Kaffawī ʻalá al-Ḥāshiyah al-Fatḥīyah ʻalá al-Risālah al-Ḥanafīyah,</subfield><subfield code="f">late 18th or early 19th century].</subfield></datafield><datafield tag="246" ind1="3" ind2=" "><subfield code="a">حاشية الحاشية على الرسالة الحنفية</subfield></datafield><datafield tag="246" ind1="3" ind2=" "><subfield code="i">Title from inscription on 'title page' (p.1):</subfield><subfield code="a">كفوى على حاشية عضدية على حنفية</subfield></datafield><datafield tag="260" ind1=" " ind2=" "><subfield code="c">[1780-1830].</subfield></datafield><datafield tag="300" ind1=" " ind2=" "><subfield code="a">104 leaves :</subfield><subfield code="b">paper ;</subfield><subfield code="c">216 x 160 (153 x 77) mm.</subfield></datafield><datafield tag="500" ind1=" " ind2=" "><subfield code="a">Shelfmark: Ann Arbor, University of Michigan, Special Collections Library, Isl. Ms. 110</subfield></datafield><datafield tag="500" ind1=" " ind2=" "><subfield code="a">Origin: Lacks dated colophon ; paper suggests late 18th or early 19th century.</subfield></datafield><datafield tag="500" ind1=" " ind2=" "><subfield code="a">Former shelfmark: British Museum, London "No. 159. Glosses on al-Risalat al-adudiyah." ; "۳" on interior of upper cover and 'title page' (p.1) ; "٥٢٠" on tail of textblock.</subfield></datafield><datafield tag="500" ind1=" " ind2=" "><subfield code="a">Binding: Pasteboards covered in brown leather ; Type II binding (with flap) ; board linings in olive-tinted European laid paper ; upper and lower covers bear blind-stamped scalloped mandorla (with vegetal composition, compare Déroche class. NSd 7) along with tooled border in a series of s-shaped stamps ; sewn in dark blue thread, two stations with primaries, occasionally primaries only ; overall in fair condition with some abrasion, lifting and losses of leather, delamination of boards, minor spine slant (slightly cocked), detached at spine (effectively hollowback), etc. repairs in brown leather.</subfield></datafield><datafield tag="500" ind1=" " ind2=" "><subfield code="a">Support: European laid paper in a few types ; one type with 8 laid lines per cm. (vertical) and chain lines spaced 26 mm. apart (horizontal) ; another type with 12-13 laid lines per cm. (vertical), chain lines spaced 25 mm. apart (horizontal), and watermark of grapes with small crown above ; another type much lighter in color, with 12 laid lines per cm. (vertical), chain lines spaced 17-19 mm. apart (horizontal), watermark of scrollwork with 'C S' ; another type with 10 laid lines per cm. (vertical), chain lines spaced 30 mm. apart (horizontal), and three hats (top hats) watermark.</subfield></datafield><datafield tag="500" ind1=" " ind2=" "><subfield code="a">Decoration: Keywords and abbreviation symbols rubricated ; overlining in red.</subfield></datafield><datafield tag="500" ind1=" " ind2=" "><subfield code="a">Script: Nastaʻlīq (talik) ; possibly two hands ; main hand with slight of effect of tilt to the right and words descending to baseline, virtually serifless, mainly closed counters, freely ligatured (point of final nūn very often assimilated with bowl, etc.), alif maqṣūrah mardūdah, and nūn of عن، من، etc. often reversed (re-curved).</subfield></datafield><datafield tag="500" ind1=" " ind2=" "><subfield code="a">Layout: Written in 19 lines per page (beginning around p.118, some lines entered on the diagonal) ; frame-ruled.</subfield></datafield><datafield tag="500" ind1=" " ind2=" "><subfield code="a">Collation: 6 V(60), III+2 (68), 3 V(98), III (104) ; chiefly quinions ; final leaves left blank ; catchwords present ; pagination in pencil, Western numerals, supplied during digitization.</subfield></datafield><datafield tag="500" ind1=" " ind2=" "><subfield code="a">Explicit: "وبالجملة لا محذور في بقاء الاعم والاخص على ما هو المشهور في تفسيرها"</subfield></datafield><datafield tag="500" ind1=" " ind2=" "><subfield code="a">Incipit: "الحمد لله الذي ادبنا باداب المناظرين وفتح علينا ابواب البحث المفاكرة ... وبعد فيقول الفقير السيد الكفوى ان العلوم على شعب فنونها وتكثر شحونها ارفع المطالب وانفع المآدب ... ففحصت الكتب المصنفة العضدية وشرحها الفائق على الشروح الدائق وحاشية المشتملة على التحقيقات وهو حسبي ونعم الوكيل قوله الملائم للمسبوق ان الضمير راجع الى الشرح المذكور ..."</subfield></datafield><datafield tag="500" ind1=" " ind2=" "><subfield code="a">Title supplied by cataloguer.</subfield></datafield><datafield tag="500" ind1=" " ind2=" "><subfield code="a">Ms. codex.</subfield></datafield><datafield tag="510" ind1="4" ind2=" "><subfield code="a">Brockelmann, C. GAL,</subfield><subfield code="c">II, 208 (II. 2. a. η)</subfield></datafield><datafield tag="520" ind1="8" ind2=" "><subfield code="a">Fine copy of the supergloss by al-Kaffawī (Kefevi, d.1754) on al-Ḥāshiyah al-Fatḥīyah by Abū al-Fatḥ Muḥammad ibn Amīn al-Ardabīlī (d.1543), itself a gloss upon al-Risālah al-Ḥanafīyah by Muḥammad al-Tibrīzī al-Ḥanafī (d.1494), a commentary on al-Ījī’s (d.1355) Risālat ādāb al-baḥth wa-al-munāẓarah, a work on dialectics. Seems to end abruptly with final leaves left blank.</subfield></datafield><datafield tag="538" ind1=" " ind2=" "><subfield code="a">Mode of access: Internet.</subfield></datafield><datafield tag="541" ind1=" " ind2=" "><subfield code="c">Purchase ;</subfield><subfield code="a">Acquired by purchase along with Abdul Hamid Collection (funds donated by Horace Rackham).</subfield><subfield code="d">1924.</subfield></datafield><datafield tag="546" ind1=" " ind2=" "><subfield code="a">Arabic.</subfield></datafield><datafield tag="561" ind1=" " ind2=" "><subfield code="a">Bookplate of British Museum, London on interior of upper cover, "British Museum, London. No. 159. Glosses on al-Risalat al-adudiyah." ; circular seal impression with figure of goat/gazelle in purple ink as well as inscription "387" in Western numerals on 'title page' (p.1) ; circular waqf-seal impression in black ink appears on 'title page' (p.1) and several places throughout, reads: "هذا وقف الراجي فيض الصمدي الشيخ احمد ضيا الدين ابن مصطفى الخالدي فمن بدله بعد ما سمعه فانما اثمه على الذين يبدلونه" in name of Aḥmad Ḍiyāʼ al-Dīn ibn Muṣṭafá al-Khālidī (i.e. Ahmed Ziyâüddîn Gümüşhanevî, d. 1893 or 4) ; occasional glosses and marginal corrections.</subfield></datafield><datafield tag="600" ind1="1" ind2="0"><subfield code="a">Ardabīlī, Abū al-Fatḥ Muḥammad ibn Amīn,</subfield><subfield code="d">d. 1543.</subfield><subfield code="t">Ḥāshiyah al-Fatḥīyah fī al-ādāb.</subfield></datafield><datafield tag="650" ind1=" " ind2="0"><subfield code="a">Manuscripts, Arabic</subfield><subfield code="z">Michigan</subfield><subfield code="z">Ann Arbor.</subfield></datafield><datafield tag="650" ind1=" " ind2="0"><subfield code="a">Dialectic</subfield><subfield code="v">Early works to 1800.</subfield></datafield><datafield tag="700" ind1="1" ind2=" "><subfield code="6">880-05</subfield><subfield code="a">Ījī, ʻAḍud al-Dīn ʻAbd al-Raḥmān ibn Aḥmad,</subfield><subfield code="d">-1355?</subfield><subfield code="t">Risālat ādāb al-baḥth wa-al-munāẓarah.</subfield></datafield><datafield tag="700" ind1="0" ind2=" "><subfield code="6">880-04</subfield><subfield code="a">Muḥammad al-Tibrīzī al-Ḥanafī,</subfield><subfield code="d">d. 1494.</subfield><subfield code="t">Risālah al-Ḥanafīyah.</subfield></datafield><datafield tag="773" ind1="0" ind2=" "><subfield code="a">Tiflis Collection.</subfield></datafield><datafield tag="880" ind1="1" ind2=" "><subfield code="6">700-05/</subfield><subfield code="a">ايجي، عضد الدين عبد الرحمن بن احمد.</subfield><subfield code="t">رسالة آداب البحث والمناظرة.</subfield></datafield><datafield tag="880" ind1="0" ind2=" "><subfield code="6">700-04/</subfield><subfield code="a">محمد التبريزي الحنفي.</subfield><subfield code="t">رسالة الحنفية.</subfield></datafield><datafield tag="880" ind1="1" ind2="0"><subfield code="6">245-03/</subfield><subfield code="a">[حاشية الكفوي على الحاشية الفتحية على الرسالة الحنفية,</subfield><subfield code="f">آخر القرن 18م أو أوائل القرن 19م].</subfield></datafield><datafield tag="880" ind1="1" ind2=" "><subfield code="6">100-01/</subfield><subfield code="a">كفوى، محمد بن عبد الحميد.</subfield></datafield><datafield tag="CID" ind1=" " ind2=" "><subfield code="a">006492390</subfield></datafield><datafield tag="DAT" ind1="0" ind2=" "><subfield code="a">20190719102634.0</subfield><subfield code="b">20190719000000.0</subfield></datafield><datafield tag="DAT" ind1="1" ind2=" "><subfield code="a">20190719090653.0</subfield><subfield code="b">2019-07-19T16:11:18Z</subfield></datafield><datafield tag="DAT" ind1="2" ind2=" "><subfield code="a">2015-10-10T18:00:06Z</subfield></datafield><datafield tag="CAT" ind1=" " ind2=" "><subfield code="a">SDR-MIU</subfield><subfield code="d">EX LIBRIS - ALEPH</subfield><subfield code="l">prepare.pl-004-008</subfield></datafield><datafield tag="FMT" ind1=" " ind2=" "><subfield code="a">BK</subfield></datafield><datafield tag="HOL" ind1=" " ind2=" "><subfield code="0">sdr-miu006492390</subfield><subfield code="a">MiU</subfield><subfield code="b">SDR</subfield><subfield code="c">MIU</subfield><subfield code="p">mdp.39015079125475</subfield><subfield code="s">MIU</subfield><subfield code="1">006492390</subfield></datafield><datafield tag="974" ind1=" " ind2=" "><subfield code="b">MIU</subfield><subfield code="c">MIU</subfield><subfield code="d">20190719</subfield><subfield code="s">lit-dlps-dc</subfield><subfield code="u">mdp.39015079125475</subfield><subfield code="y">1829</subfield><subfield code="r">pd</subfield><subfield code="q">bib</subfield><subfield code="t">non-US bib date2 &lt; 1896</subfield></datafield></record></collection>